@book{collinsLanguageGodScientist2006,
  title = {The Language of {{God}} : A Scientist Presents Evidence for Belief},
  author = {Collins, Francis S.},
  year = {2006},
  series = {{{ISSR Library}}},
  publisher = {{Free Press}},
  address = {{New York}},
  chapter = {viii, 294 pages : illustrations ; 22 cm},
  isbn = {0-7432-8639-1 978-0-7432-8639-8 978-1-4165-4274-2 1-4165-4274-4},
  langid = {english}
}

@book{darwinOriginSpeciesMeans1859,
  title = {The Origin of Species by Means of Natural Selection, or, {{The}} Preservation of Favored Races in the Struggle for Life},
  author = {Darwin, Charles},
  year = {1859},
  langid = {english}
}

@book{dysonOriginsLife1999,
  title = {Origins of Life},
  author = {Dyson, Freeman J.},
  year = {1999},
  edition = {Rev. ed.},
  publisher = {{Cambridge University Press}},
  address = {{Cambridge [England] ;}},
  isbn = {0-511-00215-7 978-0-511-00215-1 0-511-03559-4 978-0-511-03559-3 0-511-11699-3 978-0-511-11699-5},
  langid = {english}
}

@book{knuthArtComputerProgramming2011,
  title = {The Art of Computer Programming: Volume 4a, Combinatorial Algorithms, Part 1},
  author = {Knuth, Donald E.},
  year = {2011},
  publisher = {{Addison-Wesley}},
  address = {{Upper Saddle River, NJ}},
  isbn = {978-0-201-03804-0},
  langid = {english}
}

@book{knuthArtComputerProgramming2022,
  title = {The Art of Computer Programming: Volume 4b, Combinatorial Algorithms, Part 2},
  author = {Knuth, Donald E.},
  year = {2022},
  edition = {First},
  publisher = {{Addison-Wesley}},
  address = {{Upper Saddle River, NJ}},
  isbn = {978-0-201-03806-4},
  langid = {english}
}

@book{margulisAcquiringGenomesTheory2002,
  title = {Acquiring Genomes: A Theory of the Origins of Species},
  author = {Margulis, Lynn and Sagan, Dorion},
  year = {2002},
  edition = {First edition.},
  publisher = {{Basic Books}},
  address = {{New York, NY}},
  chapter = {xvi, 240 pages : illustrations ; 25 cm},
  isbn = {0-465-04391-7 978-0-465-04391-0 0-465-04392-5 978-0-465-04392-7},
  langid = {english}
}

@book{marshallEvolutionBreakingDeadlock2015,
  title = {Evolution 2.0: Breaking the Deadlock between Darwin and Design},
  author = {Marshall, Perry},
  year = {2015},
  publisher = {{BenBella Books, Inc.}},
  isbn = {978-1-940363-80-6},
  langid = {english},
  lccn = {BL263.M4175 2015}
}

@book{stanleyEnumerativeCombinatoricsVolume1997,
  title = {Enumerative Combinatorics, Volume 1},
  author = {Stanley, Richard P.},
  year = {1997},
  series = {Cambridge Studies in Advanced Mathematics},
  edition = {Second},
  volume = {1},
  publisher = {{Cambridge University Press}},
  address = {{Cambridge ;}},
  isbn = {0-521-55309-1},
  langid = {english}
}

@book{yockeyInformationTheoryEvolution2005,
  title = {Information Theory, Evolution, and the Origin of Life},
  author = {Yockey, Hubert P.},
  year = {2005},
  publisher = {{Cambridge University Press}},
  address = {{Cambridge ;}},
  isbn = {0-511-11537-7 978-0-511-11537-0 978-0-511-54643-3 0-511-54643-2},
  langid = {english}
}
